Books

@book{FreidlinWentzell2012,
	author    = {Freidlin, Mark I. and Wentzell, Alexander D.},
	title     = {Random Perturbations of Dynamical Systems},
	year      = 2012,
	edition   = 3,
	series    = {Grundlehren der mathematischen Wissenschaften},
	publisher = {Springer-Verlag},
	location  = {Berlin Heidelberg},
	isbn      = {978-3-642-25847-3},
	doi       = {10.1007/978-3-642-25847-3},
	issn      = {0072-7830},
}

@book{DemboZeitouni1998,
	title     = {Large Deviations Techniques and Applications},
	author    = {Dembo, Amir and Zeitouni, Ofer},
	isbn      = {9780387984063},
	lccn      = {97045236},
	series    = {Applications of mathematics},
	year      = {1998},
	publisher = {Springer},
	doi       = {10.1007/978-3-642-03311-7},
}

@book{JeulinYor1985,
	title     = {Grossissements de filtrations: exemples et applications},
	subtitle  = {Séminaire de Calcul Stochastique 1982/83 Université Paris VI},
	editor    = {Jeulin, Thierry and Yor, Marc},
	isbn      = {978-3-540-15210-1},
	edition   = 1,
	series    = {Lecture Notes in Mathematics},
	year      = {1985},
	publisher = {Springer},
	location  = {Berlin, Heidelberg},
	doi       = {10.1007/BFb0075765},
}


Papers

@article{Varadhan1966,
	author  = {Varadhan, S. R. S.},
	title   = {Asymptotic probabilities and differential equations},
	year    = 1966,
	journal = {Communications on Pure and Applied Mathematics},
	volume  = 19,
	pages   = {261–286},
	doi     = {10.1002/cpa.3160190303},
}

@article{Schilder1966,
	issn      = {00029947},
	author    = {Schilder, M.},
	journal   = {Transactions of the American Mathematical Society},
	year      = {1966},
	number    = {1},
	pages     = {63–85},
	publisher = {American Mathematical Society},
	title     = {Some Asymptotic Formulas for Wiener Integrals},
	volume    = {125},
	doi       = {10.2307/1994588},
}

@article{Cramér1938,
	author   = {Cramér, Harald},
	title    = {Sur un nouveau théorème-limite de la théorie des probabilités},
	year     = 1938,
	journal  = {Actualités Scientifiques et Industrielles},
	language = {French},
	volume   = 736,
	pages    = {5–23},
}
