@misc{KuoShresthaSinhaSundar2022,
	author        = {Kuo, Hui-Hsiung and Shrestha, Pujan and Sinha, Sudip and Sundar, Padmanabhan},
	title         = {On near-martingales and a class of anticipating linear SDEs},
	year          = 2022,
	archiveprefix = {arXiv},
	eprint        = {2204.01932},
	primaryclass  = {math.PR},
}

@article{KuoShresthaSinha2021isometry,
	author  = {Kuo, Hui-Hsiung and Shrestha, Pujan and Sinha, Sudip},
	title   = {An Intrinsic Proof of an Extension of Itô’s Isometry for Anticipating Stochastic Integrals},
	year    = {2021},
	journal = {Journal of Stochastic Analysis},
	volume  = 2,
	number  = 4,
	article = 8,
	doi     = {10.31390/josa.2.4.08},
}

@article{KuoShresthaSinha2021conditional,
	author  = {Kuo, Hui-Hsiung and Shrestha, Pujan and Sinha, Sudip},
	title   = {Anticipating Linear Stochastic Differential Equations with Adapted Coefficients},
	year    = 2021,
	journal = {Journal of Stochastic Analysis},
	volume  = 2,
	number  = 2,
	article = 5,
	doi     = {10.31390/josa.2.2.05},
}

@article{KuoSinhaZhai2018,
	author  = {Kuo, Hui-Hsiung and Sinha, Sudip and Zhai, Jiayu},
	title   = {Stochastic Differential Equations with Anticipating Initial Conditions},
	year    = 2018,
	journal = {Communications on Stochastic Analysis},
	volume  = 12,
	number  = 4,
	article = 6,
	doi     = {10.31390/cosa.12.4.06},
}
