Books

@book{KallianpurSundar2014,
	author = {Kallianpur, Gopinath and Sundar, P},
	title  = {Stochastic Analysis and Diffusion Processes},
	year   = 2014,
	isbn   = 9780199657063,
	doi    = {10.1093/acprof:oso/9780199657063.001.0001},
}

@book{DiNunnoØksendalProske2009,
	author    = {Di Nunno, Giulia and Øksendal, Bernt and Proske, Frank},
	title     = {Malliavin Calculus for Lévy Processes with Applications to Finance},
	year      = 2009,
	edition   = 1,
	series    = {Universitext},
	publisher = {Springer-Verlag},
	location  = {Berlin, Heidelberg},
	isbn      = {978-3-540-78572-9},
	doi       = {10.1007/978-3-540-78572-9},
}

@book{MacCluer2009,
	author    = {MacCluer, Barbara},
	title     = {Elementary Functional Analysis},
	year      = 2009,
	volume    = 253,
	edition   = 1,
	series    = {Graduate Texts in Mathematics},
	publisher = {Springer-Verlag},
	location  = {New York},
	imprint   = {Routledge},
	isbn      = {978-0-387-85528-8},
	doi       = {10.1007/978-0-387-85529-5},
}

@book{Nualart2006,
	author    = {Nualart, David},
	title     = {The Malliavin Calculus and Related Topics},
	year      = 2006,
	edition   = 2,
	publisher = {Springer-Verlag},
	location  = {Berlin, Heidelberg},
	isbn      = {978-3-540-28329-4},
	doi       = {10.1007/3-540-28329-3},
}

@book{Kuo2006,
	author    = {Kuo, Hui-Hsiung},
	title     = {Introduction to Stochastic Integration},
	year      = 2006,
	edition   = 1,
	series    = {Universitext},
	publisher = {Springer-Verlag},
	location  = {New York},
	isbn      = {978-0-387-31057-2},
	doi       = {10.1007/0-387-31057-6},
}

@book{Øksendal2003,
	author    = {Øksendal, Bernt},
	title     = {Stochastic Differential Equations},
	subtitle  = {An Introduction with Applications},
	year      = 2003,
	edition   = 6,
	series    = {Universitext},
	publisher = {Springer-Verlag},
	location  = {Berlin},
	location  = {Heidelberg},
	isbn      = {978-3-642-14394-6},
	doi       = {10.1007/978-3-642-14394-6},
}

@book{Steele2001,
	author    = {Steele, J. Michael},
	title     = {Stochastic Calculus and Financial Applications},
	year      = 2001,
	edition   = 1,
	series    = {Stochastic Modelling and Applied Probability},
	publisher = {Springer-Verlag},
	location  = {New York},
	isbn      = {978-1-4684-9305-4},
	doi       = {10.1007/978-1-4684-9305-4},
}

@book{Kuo1996,
	author    = {Kuo, Hui-Hsiung},
	title     = {White Noise Distribution Theory},
	year      = 1996,
	edition   = 1,
	series    = {Universitext},
	publisher = {CRC Press},
	isbn      = {978-0-367-57961-6},
}

@book{HoffmannJørgensen1994,
	author    = {Hoffmann-Jørgensen, Jørgen},
	title     = {Probability With a View Towards Statistics},
	year      = 1994,
	volume    = 1,
	edition   = 1,
	series    = {Chapman & Hall probability series},
	publisher = {Chapman and Hall},
	publisher = {CRC Press},
	location  = {New York},
	imprint   = {Routledge},
	isbn      = 9780412052217,
}

@book{Williams1991,
	author    = {Williams, David},
	title     = {Probability with Martingales},
	year      = 1991,
	publisher = {Cambridge University Press},
	place     = {Cambridge},
	doi       = {10.1017/CBO9780511813658},
}


Papers

@article{Girsanov1960,
	author  = {Girsanov, I. V.},
	title   = {On Transforming a Certain Class of Stochastic Processes by Absolutely Continuous Substitution of Measures},
	year    = 1960,
	journal = {Theory of Probability \& Its Applications},
	volume  = 5,
	issue   = 3,
	pages   = {285–301},
	doi     = {10.1137/1105027},
}

@article{Trotter1959,
	title     = {On the Product of Semi-Groups of Operators},
	author    = {Trotter, H. F.},
	year      = 1959,
	journal   = {Proceedings of the American Mathematical Society},
	volume    = 10,
	number    = 4,
	pages     = {545–551},
	publisher = {American Mathematical Society},
	doi       = {10.2307/2033649},
	issn      = {00029939, 10886826},
}

@article{Merton1974,
	author    = {Merton, Robert C.},
	title     = {On the Pricing of Corporate Debt: The Risk Structure of Interest Rates},
	year      = 1974,
	journal   = {The Journal of Finance},
	volume    = 29,
	number    = 2,
	pages     = {449–470},
	publisher = {American Finance Association, Wiley},
	issn      = {00221082, 15406261},
	url       = {https://www.jstor.org/stable/2978814},
}

@article{BS1973,
	author    = {Black, Fischer and Scholes, Myron},
	title     = {The Pricing of Options and Corporate Liabilities},
	journal   = {Journal of Political Economy},
	number    = 3,
	year      = 1973,
	pages     = {637–654},
	volume    = 81,
	publisher = {University of Chicago Press},
	issn      = {00223808, 1537534X},
	url       = {http://www.jstor.org/stable/1831029},
}

@book{Kolmogorov1933,
	title      = {Foundations of the Theory of Probability},
	origtitle  = {Grundbegriffe der Wahrscheinlichkeitsrechnung},
	author     = {Kolmogorov, Andreĭ Nikolaevich},
	translator = {Morrison, Nathan},
	isbn       = {9781470452995},
	url        = {https://books.google.com/books?id=BdDBDwAAQBAJ},
	year       = 2019,
	origdate   = 1933,
	series     = {AMS Chelsea Publishing},
	publisher  = {American Mathematical Society},
}

@article{Einstein1905,
	author  = {Einstein, Albert},
	title   = {Über die von der molekularkinetischen Theorie der Wärme geforderte Bewegung von in ruhenden Flüssigkeiten suspendierten Teilchen},
	year    = 1905,
	journal = {Annalen der Physik},
	volume  = 322,
	number  = 8,
	pages   = {549–560},
	doi     = {10.1002/andp.19053220806},
}

@phdthesis{Lebesgue1902,
	author    = {Lebesgue, Henri},
	title     = {Intégrale, Longueur, aire},
	school    = {Université de Paris},
	year      = 1902,
	publisher = {Milan: Bernandon de C. Rebeschini},
	url       = {http://lsulibraries.worldcat.org/oclc/9433794},
}

@inproceedings{Bachelier1900,
	title     = {Théorie de la spéculation},
	author    = {Bachelier, Louis},
	year      = 1900,
	booktitle = {Annales scientifiques de l'École Normale Supérieure},
	series    = 3,
	volume    = 17,
	pages     = {21–86},
	doi       = {10.24033/asens.476},
}

@article{Brown1828,
	author    = {Brown, Robert},
	title     = {XXVII. A brief account of microscopical observations made in the months of June, July and August 1827, on the particles contained in the pollen of plants; and on the general existence of active molecules in organic and inorganic bodies},
	journal   = {The Philosophical Magazine},
	volume    = 4,
	number    = 21,
	pages     = {161–173},
	year      = 1828,
	publisher = {Taylor \& Francis},
	doi       = {10.1080/14786442808674769},
}


