@inproceedings{Wiener1956,
	address   = {Berkeley, Calif.},
	author    = {Wiener, Norbert},
	booktitle = {Proceedings of the Third Berkeley Symposium on Mathematical Statistics and Probability, Volume 3: Contributions to Astronomy and Physics},
	pages     = {247–252},
	publisher = {University of California Press},
	title     = {Nonlinear Prediction and Dynamics},
	doi       = {bsmsp/1200502197},
	year      = {1956},
}

@article{Wiener1951,
	author    = {Wiener, Norbert},
	fjournal  = {Bulletin of the American Mathematical Society},
	journal   = {Bull. Amer. Math. Soc.},
	month     = {01},
	pages     = {27–35},
	publisher = {American Mathematical Society},
	title     = {Problems of sensory prosthesis},
	doi       = {bams/1183515799},
	volume    = {57},
	year      = {1951},
}

@article{littlewood1949,
	author    = {Littlewood, J. E. and Pólya, G. and Mordell, L. J. and Titchmarsh, E. C. and Davenport, H. and Wiener, Norbert},
	fjournal  = {Bulletin of the American Mathematical Society},
	journal   = {Bull. Amer. Math. Soc.},
	month     = {11},
	number    = {11},
	pages     = {1082},
	publisher = {American Mathematical Society},
	title     = {Two statements concerning the article on G. H. Hardy},
	doi       = {bams/1183514223},
	volume    = {55},
	year      = {1949},
}

@article{Wiener1949,
	author    = {Wiener, Norbert},
	fjournal  = {Bulletin of the American Mathematical Society},
	journal   = {Bull. Amer. Math. Soc.},
	month     = {01},
	pages     = {72–77},
	publisher = {American Mathematical Society},
	title     = {Godfrey Harold Hardy 1877-1947},
	doi       = {bams/1183513380},
	volume    = {55},
	year      = {1949},
}

@article{Wiener1939,
	author    = {Wiener, Norbert},
	doi       = {10.1215/S0012-7094-39-00501-6},
	fjournal  = {Duke Mathematical Journal},
	journal   = {Duke Math. J.},
	month     = {03},
	number    = {1},
	pages     = {1–18},
	publisher = {Duke University Press},
	title     = {The ergodic theorem},
	volume    = {5},
	year      = {1939},
}

@article{Wiener1938,
	author    = {Norbert Wiener},
	title     = {The Homogeneous Chaos},
	journal   = {American Journal of Mathematics},
	number    = 4,
	volume    = 60,
	year      = 1938,
	pages     = {897–936},
	publisher = {Johns Hopkins University Press},
	issn      = {00029327, 10806377},
	doi       = {10.2307/2371268},
}


@article{Wiener1933,
	author    = {Wiener, Norbert},
	fjournal  = {Bulletin of the American Mathematical Society},
	journal   = {Bull. Amer. Math. Soc.},
	month     = {07},
	number    = {7},
	pages     = {476},
	publisher = {American Mathematical Society},
	title     = {R. E. A. C. Paley—In memoriam},
	doi       = {bams/1183496789},
	volume    = {39},
	year      = {1933},
}

@article{Wiener1930,
	author    = {Wiener, Norbert},
	doi       = {10.1007/BF02546511},
	fjournal  = {Acta Mathematica},
	journal   = {Acta Math.},
	pages     = {117–258},
	publisher = {Institut Mittag-Leffler},
	title     = {Generalized harmonic analysis},
	volume    = {55},
	year      = {1930},
}

@article{Wiener1924a,
	author    = {Wiener, Norbert},
	fjournal  = {Bulletin of the American Mathematical Society},
	journal   = {Bull. Amer. Math. Soc.},
	month     = {05},
	number    = {5-6},
	pages     = {258–262},
	publisher = {American Mathematical Society},
	title     = {Four Books on Space},
	doi       = {bams/1183486018},
	volume    = {30},
	year      = {1924},
}

@article{Wiener1924b,
	author    = {Wiener, Norbert},
	fjournal  = {Bulletin of the American Mathematical Society},
	journal   = {Bull. Amer. Math. Soc.},
	month     = {05},
	number    = {5–6},
	pages     = {277},
	publisher = {American Mathematical Society},
	title     = {Review: E. Study, Denken und Darstellung; Logik und Werte; Dingliches und Menschliches in Mathematik und Naturwissenschaften},
	doi       = {bams/1183486028},
	volume    = {30},
	year      = {1924},
}

@article{Wiener1923,
	author  = {Wiener, Norbert},
	title   = {Differential-Space},
	journal = {Journal of Mathematics and Physics},
	volume  = 2,
	number  = {1–4},
	pages   = {131–174},
	doi     = {10.1002/sapm192321131},
	year    = 1923,
}

@article{Wiener1921,
	author    = {Wiener, Norbert},
	fjournal  = {Bulletin of the American Mathematical Society},
	journal   = {Bull. Amer. Math. Soc.},
	month     = {06},
	number    = {9-10},
	pages     = {443–445},
	publisher = {American Mathematical Society},
	title     = {The isomorphisms of complex algebra},
	doi       = {bams/1183425730},
	volume    = {27},
	year      = {1921},
}

@article{Wiener1920,
	author    = {Wiener, Norbert},
	fjournal  = {Bulletin of the American Mathematical Society},
	journal   = {Bull. Amer. Math. Soc.},
	month     = {10},
	number    = {1},
	pages     = {6–10},
	publisher = {American Mathematical Society},
	title     = {Certain iterative characteristics of bilinear operations},
	doi       = {bams/1183425416},
	volume    = {27},
	year      = {1920},
}
